<?xml version='1.0' encoding='UTF-8'?>
<record xmlns="http://www.loc.gov/MARC21/slim">
  <leader>01983cam a2200421Ma 4500</leader>
  <controlfield tag="001">1380572</controlfield>
  <controlfield tag="003">NjP</controlfield>
  <controlfield tag="005">20170605130643.0</controlfield>
  <controlfield tag="008">920218s1943    ua fh    b    001 0 araod</controlfield>
  <datafield tag="024" ind1="7" ind2=" ">
    <subfield code="a">princeton_aco002300</subfield>
    <subfield code="2">local</subfield>
  </datafield>
  <datafield ind1=" " ind2=" " tag="035">
    <subfield code="a">(OCoLC)ocn176539962</subfield>
  </datafield>
  <datafield ind1=" " ind2=" " tag="035">
    <subfield code="a">(OCoLC)ocm28784752</subfield>
  </datafield>
  <datafield ind1=" " ind2=" " tag="040">
    <subfield code="a">CGU</subfield>
    <subfield code="c">PUL</subfield>
    <subfield code="d">PUL</subfield>
  </datafield>
  <datafield ind1=" " ind2=" " tag="035">
    <subfield code="a">(OCoLC)176539962</subfield>
  </datafield>
  <datafield ind1=" " ind2=" " tag="035">
    <subfield code="9">CEC4462TS</subfield>
  </datafield>
  <datafield ind1=" " ind2=" " tag="035">
    <subfield code="a">(NjP)1380572</subfield>
  </datafield>
  <datafield ind1=" " ind2=" " tag="043">
    <subfield code="a">f-ua---</subfield>
  </datafield>
  <datafield ind1=" " ind2=" " tag="079">
    <subfield code="a">ocm28784752</subfield>
  </datafield>
  <datafield ind1=" " ind2=" " tag="049">
    <subfield code="a">PULL</subfield>
  </datafield>
  <datafield ind1="1" ind2=" " tag="100">
    <subfield code="6">880-01</subfield>
    <subfield code="a">Ibn Mammātī, Asʻad ibn al-Muhadhdhab,</subfield>
    <subfield code="d">1149-1209.</subfield>
    <subfield code="0">http://id.loc.gov/authorities/names/n88282228</subfield>
  </datafield>
  <datafield ind1="0" ind2="0" tag="240">
    <subfield code="6">880-02</subfield>
    <subfield code="a">Qawānīn al-dawāwīn</subfield>
  </datafield>
  <datafield ind1="1" ind2="0" tag="245">
    <subfield code="6">880-03</subfield>
    <subfield code="a">Kitāb Qawānīn al-dawāwīn /</subfield>
    <subfield code="c">li-Asʻad ibn Mammātī ; jamaʻahu wa-ḥaqqaqahu ʻAzīz Sūryāl ʻAṭīyah.</subfield>
  </datafield>
  <datafield ind1=" " ind2=" " tag="260">
    <subfield code="6">880-04</subfield>
    <subfield code="a">[Cairo] :</subfield>
    <subfield code="b">al-Jamʻīyah al-Zirāʻīyah al-Malakīyah :</subfield>
    <subfield code="b">Maṭbaʻt Miṣr,</subfield>
    <subfield code="c">1943.</subfield>
  </datafield>
  <datafield ind1=" " ind2=" " tag="300">
    <subfield code="a">469 p. :</subfield>
    <subfield code="b">facsims. ;</subfield>
    <subfield code="c">24 cm.</subfield>
  </datafield>
  <datafield ind1=" " ind2=" " tag="500">
    <subfield code="a">Table on one folded leaf in pocket.</subfield>
  </datafield>
  <datafield ind1=" " ind2=" " tag="500">
    <subfield code="a">"Published by the Royal agricultural society ... Edited by Aziz Suryal Atiya ..."</subfield>
  </datafield>
  <datafield ind1=" " ind2="0" tag="651">
    <subfield code="a">Egypt</subfield>
    <subfield code="x">History</subfield>
    <subfield code="y">640-1250.</subfield>
    <subfield code="0">http://id.loc.gov/authorities/subjects/sh85041291</subfield>
  </datafield>
  <datafield ind1=" " ind2="0" tag="651">
    <subfield code="a">Egypt</subfield>
    <subfield code="x">Economic conditions</subfield>
    <subfield code="y">640-1798.</subfield>
  </datafield>
  <datafield ind1=" " ind2="0" tag="651">
    <subfield code="a">Egypt</subfield>
    <subfield code="x">Officials and employees.</subfield>
  </datafield>
  <datafield ind1=" " ind2="0" tag="650">
    <subfield code="a">Ayyubids.</subfield>
    <subfield code="0">http://id.loc.gov/authorities/subjects/sh85010625</subfield>
  </datafield>
  <datafield ind1="1" ind2=" " tag="700">
    <subfield code="6">880-05</subfield>
    <subfield code="a">Atiya, Aziz Suryal,</subfield>
    <subfield code="d">1898-1988.</subfield>
    <subfield code="0">http://id.loc.gov/authorities/names/n79139707</subfield>
  </datafield>
  <datafield ind1="1" ind2=" " tag="880">
    <subfield code="6">100-01/r</subfield>
    <subfield code="a">ابن مماتي، اسعد بن المهذب،</subfield>
    <subfield code="d">1149-1209.</subfield>
  </datafield>
  <datafield ind1="0" ind2="0" tag="880">
    <subfield code="6">240-02/r</subfield>
    <subfield code="a">قوانين الدواوين</subfield>
  </datafield>
  <datafield ind1="1" ind2="0" tag="880">
    <subfield code="6">245-03/r</subfield>
    <subfield code="a">كتاب قوانين الدواوين /</subfield>
    <subfield code="c">لاسعد بن مماتي ؛ جمعه وحققه عزيز سوريال عطية.</subfield>
  </datafield>
  <datafield ind1=" " ind2=" " tag="880">
    <subfield code="6">260-04/r</subfield>
    <subfield code="a">[القاهرة] :</subfield>
    <subfield code="b">الجمعية الزراعية الملكية :</subfield>
    <subfield code="b">مطبعت مصر،</subfield>
    <subfield code="c">1943.</subfield>
  </datafield>
  <datafield ind1="1" ind2=" " tag="880">
    <subfield code="6">700-05/r</subfield>
    <subfield code="a">عطية، عزيز سوريال،</subfield>
    <subfield code="d">18981988.</subfield>
  </datafield>
  <datafield ind1=" " ind2=" " tag="947">
    <subfield code="a">CEC4462</subfield>
  </datafield>
  <datafield ind1=" " ind2=" " tag="911">
    <subfield code="a">20000130</subfield>
  </datafield>
  <datafield ind1=" " ind2=" " tag="994">
    <subfield code="a">C0</subfield>
    <subfield code="b">PUL</subfield>
  </datafield>
  <datafield ind1=" " ind2=" " tag="999">
    <subfield code="a">1380572</subfield>
  </datafield>
  <datafield ind1="0" ind2="0" tag="852">
    <subfield code="0">1584986</subfield>
    <subfield code="b">nec</subfield>
    <subfield code="t">0</subfield>
    <subfield code="h">DT95.5</subfield>
    <subfield code="i">.I2663 1943</subfield>
  </datafield>
  <datafield ind1=" " ind2=" " tag="959">
    <subfield code="a">2000-06-13 00:00:00 -0400</subfield>
  </datafield>
</record>
